%%%%%%%%%%%%%%%%%%%%%%%%%%%%%%%%%%%%%%%%%%%%%%%%%%%%%
% ---------- FORMATOS EJEMPLOS ----------------
%%%%%%%%%%%%%%%%%%%%%%%%%%%%%%%%%%%%%%%%%%%%%%%%%%%%%
% BOOK: Un libro con una editorial explícita. Campos requeridos: author o editor, title, publisher, year. Campos opcionales: volume o number, series, address,edition, month, note.
@book{Gupta2014,
author = {Borgman, Christine L.},
title = {From {Gutenberg} to the Global Information Infrastructure},
subtitle = {Access to Information in the Networked World},
location = {Cambridge (Mass.)},
publisher = {The MIT Press},
date = {2003-05-12},
pagetotal = {xviii, 324},
isbn = {0-262-52345-0},
langid = {english},
}
@book{asd2,
    title = {{Computational Granular Dynamics}},
    year = {2005},
    booktitle = {Computational Granular Dynamics},
    author = {Thorsten, P},
    isbn = {9783540214854},
    doi = {10.1007/3-540-27720-x},
}
%%%%%%%%%%%%%%%%%%%%%%%%%%%%%%%%%%%%%%%%%%%%%%%%%%%%%
% INBOOK: Una parte de un libro, como un capítulo, una sección, un rango de páginas, etc. Campos requeridos: author o editor, title, chapter o pages, publisher, year. Campos opcionales: volume o number, series, type, address, edition, month,note.
%%%%%%%%%%%%%%%%%%%%%%%%%%%%%%%%%%%%%%%%%%%%%%%%%%%%%
% ARTICLE: Un artículo de un periódico o una revista. Campos requeridos: author, title, journal, year. Campos opcionales: volume, number, pages, month, note
@article{lynch2005where,
    author = {Lynch, Clifford},
    title = {Where Do We Go From Here?},
    subtitle = {The Next Decade for Digital Libraries},
    journaltitle = {D-Lib Magazine},
    date = {2005},
    volume = {11},
    number = {7/8},
    issn = {1082-9873},
    doi = {10.1045/july2005-lynch},
    url = {http://www.dlib.org/dlib/july05/lynch/07lynch.html},
    urldate = {2005-08-15},
    langid = {english},
}
@article{knuth1990virtual,
    author = {Knuth, Donald},
    title = {Virtual Fonts: More Fun for Grand Wizards},
    date = {1990-04},
    volume = {11},
    number = {1},
    pages = {13--23},
    url = {http://tugboat.tug.org/TUGboat/tb11-1/tb27knut.pdf},
    crossref = {tugboat1980},
}
%%%%%%%%%%%%%%%%%%%%%%%%%%%%%%%%%%%%%%%%%%%%%%%%%%%%%
%MASTERSTHESIS: Una tesis de maestría. Campos requeridos: author, title, school, year. Campos opcionales: type, address, month, note.
@thesis{luptak2016thesis,
    author = {Lupták, Dávid},
    title = {Typesetting of Bibliography According to ISO 690 Norm},
    date = {2016},
    type = {bathesis},
    institution = {Masaryk University, Faculty of Informatics},
    location = {Brno},
    supervisor = {Petr Sojka},
    url = {https://is.muni.cz/th/422640/fi_b/},
}
%%%%%%%%%%%%%%%%%%%%%%%%%%%%%%%%%%%%%%%%%%%%%%%%%%%%%
% ------------- CAPITULOS -------------
%%%%%%%%%%%%%%%%%%%%%%%%%%%%%%%%%%%%%%%%%%%%%%%%%%%%%
% ---------- CAPITULO 4 ----------------
@thesis{Diseno_e_implementacion_de_un_sistema_de_control_para_la_representacion_grafica_a_partir_de_imagenes,
    author = {Rilo Antelo, Lois},
    title = {Diseño e implementación de un sistema de control para la representación gráfica a partir de imágenes},
    date = {2016-09-05},
    type = {Projecte Final de Màster Oficial},
    supervisor = {Velasco García, Manel},
    institution = {Escola Tècnica Superior d’Enginyeria Industrial de Barcelona},
    url = {https://upcommons.upc.edu/handle/2117/98930},
}

@article{Hsu_modelling_ai,
    author = {Kuei-shu Hsu and M. Karkoub and M. Tsai and M. Her},
    title = {Modelling and index analysis of a Delta-type mechanism},
    journaltitle = {Proceedings of the Institution of Mechanical Engineers, Part K: Journal of Multi-body Dynamics},
    date = {01-09-2004},
    volume = {218},
    number={3},
    page={121 - 132},
    issn = {1464-4193},
    doi = {10.1243/1464419042035944},
    url = {https://journals.sagepub.com/doi/10.1243/1464419042035944},
    langid = {english},
}  

@book{INTRO_MECANICA_LAGRAGE,
author = {Soldovieri C., T.},
title = {INTRODUCCION A LA MECANICA DE LAGRAGE Y HAMILTON},
location = {Universidad de Zulia,Venezuela},
publisher = {Preprint},
date = {2013},
langid = {español},
url = {http://tsoldovieritsweb.ihostfull.com/documentos/IntMecLagHamAct522019.pdf},
}

@thesis{Path_Planning_and_Trajectory_Optimization ,
    author = {Shareef, Zeeshan},
    title = {Path Planning and Trajectory Optimization of Delta Parallel Robot},
    date = {2015-05},
    type = {Dissertation},
    supervisor = {Velasco García, Manel},
    institution = {Fakult{\"a}t f{\"u}r Maschinenbau, Universit{\"a}t Paderborn},
    volume = {345},
    series = {Verlagsschriftenreihe des Heinz Nixdorf Instituts, Paderborn},
    publisher = {Verlagsschriftenreihe des Heinz Nixdorf Instituts, Paderborn},
    url = {https://www.hni.uni-paderborn.de/pub/9065},
}

@article{Codourey:31400,
      title = {Contribution à la commande des robots rapides et précis  application au robot delta à entraînement direct},
      author = {Codourey, Alain},
      publisher = {EPFL},
      address = {Lausanne},
      year = {1991},
      url = {http://infoscience.epfl.ch/record/31400},
      doi = {10.5075/epfl-thesis-922},
}

@article{Guglielmetti:31706,
      title = {Model-based control of fast parallel robots a global  approach in operational space},
      author = {Guglielmetti, Philippe},
      publisher = {EPFL},
      address = {Lausanne},
      pages = {172},
      year = {1994},
      url = {http://infoscience.epfl.ch/record/31706},
      doi = {10.5075/epfl-thesis-1228},
}

@article{DynamicCodourey,
 author               = {Alain Codourey},
 doi                  = {10.1177/027836499801701205},
 journal              = {The International Journal of Robotics Research},
 number               = {12},
 pages                = {1325-1336},
 title                = {Dynamic Modeling of Parallel Robots for Computed-Torque Control Implementation},
 url                  = {https://doi.org/10.1177/027836499801701205},
 volume               = {17},
 year                 = {1998},
 }

